%YAML 1.1
%TAG !u! tag:unity3d.com,2011:
--- !u!1 &1912192804844508254
GameObject:
  m_ObjectHideFlags: 0
  m_CorrespondingSourceObject: {fileID: 0}
  m_PrefabInstance: {fileID: 0}
  m_PrefabAsset: {fileID: 0}
  serializedVersion: 6
  m_Component:
  - component: {fileID: 8261892292364523464}
  - component: {fileID: 7745383346426948168}
  - component: {fileID: 6197102273119537200}
  - component: {fileID: 610789317342055816}
  - component: {fileID: 3938700518177538669}
  - component: {fileID: 688367700849046770}
  m_Layer: 11
  m_Name: Cone
  m_TagString: Obstacle
  m_Icon: {fileID: 0}
  m_NavMeshLayer: 0
  m_StaticEditorFlags: 0
  m_IsActive: 1
--- !u!4 &8261892292364523464
Transform:
  m_ObjectHideFlags: 0
  m_CorrespondingSourceObject: {fileID: 0}
  m_PrefabInstance: {fileID: 0}
  m_PrefabAsset: {fileID: 0}
  m_GameObject: {fileID: 1912192804844508254}
  m_LocalRotation: {x: 0.14484853, y: -0.02247418, z: -0.1516658, w: 0.9775026}
  m_LocalPosition: {x: 0.32, y: 0.608, z: 0.2518022}
  m_LocalScale: {x: 0.52405953, y: 0.8560206, z: 0.51985216}
  m_ConstrainProportionsScale: 0
  m_Children: []
  m_Father: {fileID: 9153073281802972675}
  m_RootOrder: 1
  m_LocalEulerAnglesHint: {x: 0, y: 0, z: 0}
--- !u!114 &7745383346426948168
MonoBehaviour:
  m_ObjectHideFlags: 0
  m_CorrespondingSourceObject: {fileID: 0}
  m_PrefabInstance: {fileID: 0}
  m_PrefabAsset: {fileID: 0}
  m_GameObject: {fileID: 1912192804844508254}
  m_Enabled: 1
  m_EditorHideFlags: 0
  m_Script: {fileID: 11500000, guid: 8233d90336aea43098adf6dbabd606a2, type: 3}
  m_Name: 
  m_EditorClassIdentifier: 
  m_MeshFormatVersion: 2
  m_Faces:
  - m_Indexes: 000000000100000002000000
    m_SmoothingGroup: 1
    m_Uv:
      m_UseWorldSpace: 0
      m_FlipU: 0
      m_FlipV: 0
      m_SwapUV: 0
      m_Fill: 1
      m_Scale: {x: 1, y: 1}
      m_Offset: {x: 0, y: 0}
      m_Rotation: 0
      m_Anchor: 6
    m_Material: {fileID: 2100000, guid: 31321ba15b8f8eb4c954353edc038b1d, type: 2}
    m_SubmeshIndex: 0
    m_ManualUV: 1
    elementGroup: 0
    m_TextureGroup: -1
  - m_Indexes: 050000000400000003000000
    m_SmoothingGroup: 0
    m_Uv:
      m_UseWorldSpace: 0
      m_FlipU: 0
      m_FlipV: 0
      m_SwapUV: 0
      m_Fill: 1
      m_Scale: {x: 1, y: 1}
      m_Offset: {x: 0, y: 0}
      m_Rotation: 0
      m_Anchor: 9
    m_Material: {fileID: 2100000, guid: 31321ba15b8f8eb4c954353edc038b1d, type: 2}
    m_SubmeshIndex: 0
    m_ManualUV: 0
    elementGroup: 0
    m_TextureGroup: -1
  - m_Indexes: 060000000700000008000000
    m_SmoothingGroup: 1
    m_Uv:
      m_UseWorldSpace: 0
      m_FlipU: 0
      m_FlipV: 0
      m_SwapUV: 0
      m_Fill: 1
      m_Scale: {x: 1, y: 1}
      m_Offset: {x: 0, y: 0}
      m_Rotation: 0
      m_Anchor: 9
    m_Material: {fileID: 2100000, guid: 31321ba15b8f8eb4c954353edc038b1d, type: 2}
    m_SubmeshIndex: 0
    m_ManualUV: 1
    elementGroup: 0
    m_TextureGroup: -1
  - m_Indexes: 0b0000000a00000009000000
    m_SmoothingGroup: 0
    m_Uv:
      m_UseWorldSpace: 0
      m_FlipU: 0
      m_FlipV: 0
      m_SwapUV: 0
      m_Fill: 1
      m_Scale: {x: 1, y: 1}
      m_Offset: {x: 0, y: 0}
      m_Rotation: 0
      m_Anchor: 9
    m_Material: {fileID: 2100000, guid: 31321ba15b8f8eb4c954353edc038b1d, type: 2}
    m_SubmeshIndex: 0
    m_ManualUV: 0
    elementGroup: 0
    m_TextureGroup: -1
  - m_Indexes: 0c0000000d0000000e000000
    m_SmoothingGroup: 1
    m_Uv:
      m_UseWorldSpace: 0
      m_FlipU: 0
      m_FlipV: 0
      m_SwapUV: 0
      m_Fill: 1
      m_Scale: {x: 1, y: 1}
      m_Offset: {x: 0, y: 0}
      m_Rotation: 0
      m_Anchor: 9
    m_Material: {fileID: 2100000, guid: 31321ba15b8f8eb4c954353edc038b1d, type: 2}
    m_SubmeshIndex: 0
    m_ManualUV: 1
    elementGroup: 0
    m_TextureGroup: -1
  - m_Indexes: 11000000100000000f000000
    m_SmoothingGroup: 0
    m_Uv:
      m_UseWorldSpace: 0
      m_FlipU: 0
      m_FlipV: 0
      m_SwapUV: 0
      m_Fill: 1
      m_Scale: {x: 1, y: 1}
      m_Offset: {x: 0, y: 0}
      m_Rotation: 0
      m_Anchor: 9
    m_Material: {fileID: 2100000, guid: 31321ba15b8f8eb4c954353edc038b1d, type: 2}
    m_SubmeshIndex: 0
    m_ManualUV: 0
    elementGroup: 0
    m_TextureGroup: -1
  - m_Indexes: 120000001300000014000000
    m_SmoothingGroup: 1
    m_Uv:
      m_UseWorldSpace: 0
      m_FlipU: 0
      m_FlipV: 0
      m_SwapUV: 0
      m_Fill: 1
      m_Scale: {x: 1, y: 1}
      m_Offset: {x: 0, y: 0}
      m_Rotation: 0
      m_Anchor: 9
    m_Material: {fileID: 2100000, guid: 31321ba15b8f8eb4c954353edc038b1d, type: 2}
    m_SubmeshIndex: 0
    m_ManualUV: 1
    elementGroup: 0
    m_TextureGroup: -1
  - m_Indexes: 170000001600000015000000
    m_SmoothingGroup: 0
    m_Uv:
      m_UseWorldSpace: 0
      m_FlipU: 0
      m_FlipV: 0
      m_SwapUV: 0
      m_Fill: 1
      m_Scale: {x: 1, y: 1}
      m_Offset: {x: 0, y: 0}
      m_Rotation: 0
      m_Anchor: 9
    m_Material: {fileID: 2100000, guid: 31321ba15b8f8eb4c954353edc038b1d, type: 2}
    m_SubmeshIndex: 0
    m_ManualUV: 0
    elementGroup: 0
    m_TextureGroup: -1
  - m_Indexes: 18000000190000001a000000
    m_SmoothingGroup: 1
    m_Uv:
      m_UseWorldSpace: 0
      m_FlipU: 0
      m_FlipV: 0
      m_SwapUV: 0
      m_Fill: 1
      m_Scale: {x: 1, y: 1}
      m_Offset: {x: 0, y: 0}
      m_Rotation: 0
      m_Anchor: 9
    m_Material: {fileID: 2100000, guid: 31321ba15b8f8eb4c954353edc038b1d, type: 2}
    m_SubmeshIndex: 0
    m_ManualUV: 1
    elementGroup: 0
    m_TextureGroup: -1
  - m_Indexes: 1d0000001c0000001b000000
    m_SmoothingGroup: 0
    m_Uv:
      m_UseWorldSpace: 0
      m_FlipU: 0
      m_FlipV: 0
      m_SwapUV: 0
      m_Fill: 1
      m_Scale: {x: 1, y: 1}
      m_Offset: {x: 0, y: 0}
      m_Rotation: 0
      m_Anchor: 9
    m_Material: {fileID: 2100000, guid: 31321ba15b8f8eb4c954353edc038b1d, type: 2}
    m_SubmeshIndex: 0
    m_ManualUV: 0
    elementGroup: 0
    m_TextureGroup: -1
  - m_Indexes: 1e0000001f00000020000000
    m_SmoothingGroup: 1
    m_Uv:
      m_UseWorldSpace: 0
      m_FlipU: 0
      m_FlipV: 0
      m_SwapUV: 0
      m_Fill: 1
      m_Scale: {x: 1, y: 1}
      m_Offset: {x: 0, y: 0}
      m_Rotation: 0
      m_Anchor: 9
    m_Material: {fileID: 2100000, guid: 31321ba15b8f8eb4c954353edc038b1d, type: 2}
    m_SubmeshIndex: 0
    m_ManualUV: 1
    elementGroup: 0
    m_TextureGroup: -1
  - m_Indexes: 230000002200000021000000
    m_SmoothingGroup: 0
    m_Uv:
      m_UseWorldSpace: 0
      m_FlipU: 0
      m_FlipV: 0
      m_SwapUV: 0
      m_Fill: 1
      m_Scale: {x: 1, y: 1}
      m_Offset: {x: 0, y: 0}
      m_Rotation: 0
      m_Anchor: 9
    m_Material: {fileID: 2100000, guid: 31321ba15b8f8eb4c954353edc038b1d, type: 2}
    m_SubmeshIndex: 0
    m_ManualUV: 0
    elementGroup: 0
    m_TextureGroup: -1
  m_SharedVertices:
  - m_Vertices: 00000000030000001f00000022000000
  - m_Vertices: 01000000040000000600000009000000
  - m_Vertices: 02000000080000000e000000140000001a00000020000000
  - m_Vertices: 050000000b00000011000000170000001d00000023000000
  - m_Vertices: 070000000a0000000c0000000f000000
  - m_Vertices: 0d000000100000001200000015000000
  - m_Vertices: 1300000016000000180000001b000000
  - m_Vertices: 190000001c0000001e00000021000000
  m_SharedTextures: []
  m_Positions:
  - {x: -0.15577547, y: -0.41335288, z: 0}
  - {x: -0.07788773, y: -0.41335288, z: 0.1538343}
  - {x: 0, y: 0.41335288, z: 0}
  - {x: -0.15577547, y: -0.41335288, z: 0}
  - {x: -0.07788773, y: -0.41335288, z: 0.1538343}
  - {x: 0, y: -0.41335288, z: 0}
  - {x: -0.07788773, y: -0.41335288, z: 0.1538343}
  - {x: 0.07788774, y: -0.41335288, z: 0.1538343}
  - {x: 0, y: 0.41335288, z: 0}
  - {x: -0.07788773, y: -0.41335288, z: 0.1538343}
  - {x: 0.07788774, y: -0.41335288, z: 0.1538343}
  - {x: 0, y: -0.41335288, z: 0}
  - {x: 0.07788774, y: -0.41335288, z: 0.1538343}
  - {x: 0.15577547, y: -0.41335288, z: -0.00000001552913}
  - {x: 0, y: 0.41335288, z: 0}
  - {x: 0.07788774, y: -0.41335288, z: 0.1538343}
  - {x: 0.15577547, y: -0.41335288, z: -0.00000001552913}
  - {x: 0, y: -0.41335288, z: 0}
  - {x: 0.15577547, y: -0.41335288, z: -0.00000001552913}
  - {x: 0.07788772, y: -0.41335288, z: -0.1538343}
  - {x: 0, y: 0.41335288, z: 0}
  - {x: 0.15577547, y: -0.41335288, z: -0.00000001552913}
  - {x: 0.07788772, y: -0.41335288, z: -0.1538343}
  - {x: 0, y: -0.41335288, z: 0}
  - {x: 0.07788772, y: -0.41335288, z: -0.1538343}
  - {x: -0.07788772, y: -0.41335288, z: -0.1538343}
  - {x: 0, y: 0.41335288, z: 0}
  - {x: 0.07788772, y: -0.41335288, z: -0.1538343}
  - {x: -0.07788772, y: -0.41335288, z: -0.1538343}
  - {x: 0, y: -0.41335288, z: 0}
  - {x: -0.07788772, y: -0.41335288, z: -0.1538343}
  - {x: -0.15577547, y: -0.41335288, z: 0}
  - {x: 0, y: 0.41335288, z: 0}
  - {x: -0.07788772, y: -0.41335288, z: -0.1538343}
  - {x: -0.15577547, y: -0.41335288, z: 0}
  - {x: 0, y: -0.41335288, z: 0}
  m_Textures0:
  - {x: 0.31155097, y: 0}
  - {x: 0, y: 0.000000029802322}
  - {x: 0.15577547, y: 0.86962086}
  - {x: 0.15577547, y: 0}
  - {x: 0.07788773, y: 0.1538343}
  - {x: 0, y: 0}
  - {x: 0.31155097, y: 0}
  - {x: 0, y: 0.000000029802322}
  - {x: 0.15577547, y: 0.86962086}
  - {x: 0.07788773, y: 0.1538343}
  - {x: -0.07788774, y: 0.1538343}
  - {x: 0, y: 0}
  - {x: 0.31155097, y: 0}
  - {x: 0, y: 0.000000029802322}
  - {x: 0.15577547, y: 0.86962086}
  - {x: -0.07788774, y: 0.1538343}
  - {x: -0.15577547, y: -0.00000001552913}
  - {x: 0, y: 0}
  - {x: 0.31155097, y: 0}
  - {x: 0, y: 0.000000029802322}
  - {x: 0.15577547, y: 0.86962086}
  - {x: -0.15577547, y: -0.00000001552913}
  - {x: -0.07788772, y: -0.1538343}
  - {x: 0, y: 0}
  - {x: 0.31155097, y: 0}
  - {x: 0, y: 0.000000029802322}
  - {x: 0.15577547, y: 0.86962086}
  - {x: -0.07788772, y: -0.1538343}
  - {x: 0.07788772, y: -0.1538343}
  - {x: 0, y: 0}
  - {x: 0.31155097, y: 0}
  - {x: 0, y: 0.000000029802322}
  - {x: 0.15577547, y: 0.86962086}
  - {x: 0.07788772, y: -0.1538343}
  - {x: 0.15577547, y: 0}
  - {x: 0, y: 0}
  m_Textures2: []
  m_Textures3: []
  m_Tangents:
  - {x: -0.017284533, y: -0.09172981, z: -0.99563384, w: -1}
  - {x: -0.8317054, y: 0.121245556, z: -0.54181695, w: -1}
  - {x: -0.45171112, y: -0.00000015503304, z: -0.8921643, w: -1}
  - {x: -1, y: 0, z: 0, w: -1}
  - {x: -1, y: 0, z: 0, w: -1}
  - {x: -1, y: 0, z: 0, w: -1}
  - {x: -0.8581358, y: -0.1217537, z: -0.49877733, w: -1}
  - {x: -0.8581359, y: 0.12175411, z: 0.4987772, w: -1}
  - {x: -1, y: 0, z: -0.000000033843392, w: -1}
  - {x: -1, y: 0, z: 0, w: -1}
  - {x: -1, y: 0, z: 0, w: -1}
  - {x: -1, y: 0, z: 0, w: -1}
  - {x: -0.8317055, y: -0.12124521, z: 0.5418169, w: -1}
  - {x: -0.017284533, y: 0.09173015, z: 0.99563384, w: -1}
  - {x: -0.45171103, y: 0.00000015503304, z: 0.8921643, w: -1}
  - {x: -1, y: 0, z: 0, w: -1}
  - {x: -1, y: 0, z: 0, w: -1}
  - {x: -1, y: 0, z: 0, w: -1}
  - {x: 0.0172846, y: -0.09172981, z: 0.99563384, w: -1}
  - {x: 0.8317055, y: 0.12124555, z: 0.54181695, w: -1}
  - {x: 0.45171118, y: 0.00000015503304, z: 0.8921643, w: -1}
  - {x: -1, y: 0, z: 0, w: -1}
  - {x: -1, y: 0, z: 0, w: -1}
  - {x: -1, y: 0, z: 0, w: -1}
  - {x: 0.8581358, y: -0.1217537, z: 0.49877733, w: -1}
  - {x: 0.85813594, y: 0.121754095, z: -0.49877715, w: -1}
  - {x: 1, y: 0, z: 0.00000003384346, w: -1}
  - {x: -1, y: 0, z: 0, w: -1}
  - {x: -1, y: 0, z: 0, w: -1}
  - {x: -1, y: 0, z: 0, w: -1}
  - {x: 0.83170545, y: -0.12124518, z: -0.54181695, w: -1}
  - {x: 0.0172846, y: 0.09173016, z: -0.99563384, w: -1}
  - {x: 0.45171112, y: -0.00000015503305, z: -0.89216423, w: -1}
  - {x: -1, y: 0, z: 0, w: -1}
  - {x: -1, y: 0, z: 0, w: -1}
  - {x: -1, y: 0, z: 0, w: -1}
  m_Colors: []
  m_UnwrapParameters:
    m_HardAngle: 88
    m_PackMargin: 30
    m_AngleError: 8
    m_AreaError: 15
  m_PreserveMeshAssetOnDestroy: 0
  assetGuid: 
  m_Mesh: {fileID: 0}
  m_VersionIndex: 1783
  m_IsSelectable: 1
  m_SelectedFaces: 
  m_SelectedEdges: []
  m_SelectedVertices: 
--- !u!114 &6197102273119537200
MonoBehaviour:
  m_ObjectHideFlags: 0
  m_CorrespondingSourceObject: {fileID: 0}
  m_PrefabInstance: {fileID: 0}
  m_PrefabAsset: {fileID: 0}
  m_GameObject: {fileID: 1912192804844508254}
  m_Enabled: 1
  m_EditorHideFlags: 0
  m_Script: {fileID: 11500000, guid: 1ca002da428252441b92f28d83c8a65f, type: 3}
  m_Name: 
  m_EditorClassIdentifier: 
  m_Shape:
    rid: 7063663053400178689
  m_Size: {x: -0.31155095, y: 0.82670575, z: 0.35526508}
  m_Rotation: {x: 0, y: 0, z: 0, w: 1}
  m_PivotLocation: 0
  m_PivotPosition: {x: 0, y: 0, z: 0}
  m_UnmodifiedMeshVersion: 1783
  m_ShapeBox:
    m_Center: {x: 0, y: 0, z: 0}
    m_Extent: {x: 0.31155095, y: 0.41335288, z: 0.31155095}
  references:
    version: 2
    RefIds:
    - rid: 7063663053400178689
      type: {class: Cone, ns: UnityEngine.ProBuilder.Shapes, asm: Unity.ProBuilder}
      data:
        m_NumberOfSides: 6
        m_Smooth: 1
--- !u!23 &610789317342055816
MeshRenderer:
  m_ObjectHideFlags: 0
  m_CorrespondingSourceObject: {fileID: 0}
  m_PrefabInstance: {fileID: 0}
  m_PrefabAsset: {fileID: 0}
  m_GameObject: {fileID: 1912192804844508254}
  m_Enabled: 1
  m_CastShadows: 1
  m_ReceiveShadows: 1
  m_DynamicOccludee: 1
  m_StaticShadowCaster: 0
  m_MotionVectors: 1
  m_LightProbeUsage: 1
  m_ReflectionProbeUsage: 1
  m_RayTracingMode: 2
  m_RayTraceProcedural: 0
  m_RenderingLayerMask: 1
  m_RendererPriority: 0
  m_Materials:
  - {fileID: 2100000, guid: 1c4c9988abba72347a7bc5bb31328caf, type: 2}
  m_StaticBatchInfo:
    firstSubMesh: 0
    subMeshCount: 0
  m_StaticBatchRoot: {fileID: 0}
  m_ProbeAnchor: {fileID: 0}
  m_LightProbeVolumeOverride: {fileID: 0}
  m_ScaleInLightmap: 1
  m_ReceiveGI: 1
  m_PreserveUVs: 0
  m_IgnoreNormalsForChartDetection: 0
  m_ImportantGI: 0
  m_StitchLightmapSeams: 1
  m_SelectedEditorRenderState: 3
  m_MinimumChartSize: 4
  m_AutoUVMaxDistance: 0.5
  m_AutoUVMaxAngle: 89
  m_LightmapParameters: {fileID: 0}
  m_SortingLayerID: 0
  m_SortingLayer: 0
  m_SortingOrder: 0
  m_AdditionalVertexStreams: {fileID: 0}
--- !u!33 &3938700518177538669
MeshFilter:
  m_ObjectHideFlags: 0
  m_CorrespondingSourceObject: {fileID: 0}
  m_PrefabInstance: {fileID: 0}
  m_PrefabAsset: {fileID: 0}
  m_GameObject: {fileID: 1912192804844508254}
  m_Mesh: {fileID: 0}
--- !u!64 &688367700849046770
MeshCollider:
  m_ObjectHideFlags: 0
  m_CorrespondingSourceObject: {fileID: 0}
  m_PrefabInstance: {fileID: 0}
  m_PrefabAsset: {fileID: 0}
  m_GameObject: {fileID: 1912192804844508254}
  m_Material: {fileID: 0}
  m_IsTrigger: 0
  m_Enabled: 1
  serializedVersion: 4
  m_Convex: 0
  m_CookingOptions: 30
  m_Mesh: {fileID: 0}
--- !u!1 &2039628851410568454
GameObject:
  m_ObjectHideFlags: 0
  m_CorrespondingSourceObject: {fileID: 0}
  m_PrefabInstance: {fileID: 0}
  m_PrefabAsset: {fileID: 0}
  serializedVersion: 6
  m_Component:
  - component: {fileID: 5306137004974005557}
  - component: {fileID: 4798880418692066864}
  - component: {fileID: 7187744899825952976}
  - component: {fileID: 8660722546275755548}
  - component: {fileID: 7505037273773169823}
  - component: {fileID: 7609770279576393129}
  m_Layer: 11
  m_Name: Cone (1)
  m_TagString: Obstacle
  m_Icon: {fileID: 0}
  m_NavMeshLayer: 0
  m_StaticEditorFlags: 0
  m_IsActive: 1
--- !u!4 &5306137004974005557
Transform:
  m_ObjectHideFlags: 0
  m_CorrespondingSourceObject: {fileID: 0}
  m_PrefabInstance: {fileID: 0}
  m_PrefabAsset: {fileID: 0}
  m_GameObject: {fileID: 2039628851410568454}
  m_LocalRotation: {x: -0.19166556, y: 0.9276894, z: -0.085135475, w: -0.3088831}
  m_LocalPosition: {x: -0.39375478, y: 0.542, z: -0.124405146}
  m_LocalScale: {x: 0.52405953, y: 0.8560206, z: 0.51985216}
  m_ConstrainProportionsScale: 0
  m_Children: []
  m_Father: {fileID: 9153073281802972675}
  m_RootOrder: 2
  m_LocalEulerAnglesHint: {x: 16.043, y: 214.219, z: -18.379}
--- !u!114 &4798880418692066864
MonoBehaviour:
  m_ObjectHideFlags: 0
  m_CorrespondingSourceObject: {fileID: 0}
  m_PrefabInstance: {fileID: 0}
  m_PrefabAsset: {fileID: 0}
  m_GameObject: {fileID: 2039628851410568454}
  m_Enabled: 1
  m_EditorHideFlags: 0
  m_Script: {fileID: 11500000, guid: 8233d90336aea43098adf6dbabd606a2, type: 3}
  m_Name: 
  m_EditorClassIdentifier: 
  m_MeshFormatVersion: 2
  m_Faces:
  - m_Indexes: 000000000100000002000000
    m_SmoothingGroup: 1
    m_Uv:
      m_UseWorldSpace: 0
      m_FlipU: 0
      m_FlipV: 0
      m_SwapUV: 0
      m_Fill: 1
      m_Scale: {x: 1, y: 1}
      m_Offset: {x: 0, y: 0}
      m_Rotation: 0
      m_Anchor: 6
    m_Material: {fileID: 2100000, guid: 31321ba15b8f8eb4c954353edc038b1d, type: 2}
    m_SubmeshIndex: 0
    m_ManualUV: 1
    elementGroup: 0
    m_TextureGroup: -1
  - m_Indexes: 050000000400000003000000
    m_SmoothingGroup: 0
    m_Uv:
      m_UseWorldSpace: 0
      m_FlipU: 0
      m_FlipV: 0
      m_SwapUV: 0
      m_Fill: 1
      m_Scale: {x: 1, y: 1}
      m_Offset: {x: 0, y: 0}
      m_Rotation: 0
      m_Anchor: 9
    m_Material: {fileID: 2100000, guid: 31321ba15b8f8eb4c954353edc038b1d, type: 2}
    m_SubmeshIndex: 0
    m_ManualUV: 0
    elementGroup: 0
    m_TextureGroup: -1
  - m_Indexes: 060000000700000008000000
    m_SmoothingGroup: 1
    m_Uv:
      m_UseWorldSpace: 0
      m_FlipU: 0
      m_FlipV: 0
      m_SwapUV: 0
      m_Fill: 1
      m_Scale: {x: 1, y: 1}
      m_Offset: {x: 0, y: 0}
      m_Rotation: 0
      m_Anchor: 9
    m_Material: {fileID: 2100000, guid: 31321ba15b8f8eb4c954353edc038b1d, type: 2}
    m_SubmeshIndex: 0
    m_ManualUV: 1
    elementGroup: 0
    m_TextureGroup: -1
  - m_Indexes: 0b0000000a00000009000000
    m_SmoothingGroup: 0
    m_Uv:
      m_UseWorldSpace: 0
      m_FlipU: 0
      m_FlipV: 0
      m_SwapUV: 0
      m_Fill: 1
      m_Scale: {x: 1, y: 1}
      m_Offset: {x: 0, y: 0}
      m_Rotation: 0
      m_Anchor: 9
    m_Material: {fileID: 2100000, guid: 31321ba15b8f8eb4c954353edc038b1d, type: 2}
    m_SubmeshIndex: 0
    m_ManualUV: 0
    elementGroup: 0
    m_TextureGroup: -1
  - m_Indexes: 0c0000000d0000000e000000
    m_SmoothingGroup: 1
    m_Uv:
      m_UseWorldSpace: 0
      m_FlipU: 0
      m_FlipV: 0
      m_SwapUV: 0
      m_Fill: 1
      m_Scale: {x: 1, y: 1}
      m_Offset: {x: 0, y: 0}
      m_Rotation: 0
      m_Anchor: 9
    m_Material: {fileID: 2100000, guid: 31321ba15b8f8eb4c954353edc038b1d, type: 2}
    m_SubmeshIndex: 0
    m_ManualUV: 1
    elementGroup: 0
    m_TextureGroup: -1
  - m_Indexes: 11000000100000000f000000
    m_SmoothingGroup: 0
    m_Uv:
      m_UseWorldSpace: 0
      m_FlipU: 0
      m_FlipV: 0
      m_SwapUV: 0
      m_Fill: 1
      m_Scale: {x: 1, y: 1}
      m_Offset: {x: 0, y: 0}
      m_Rotation: 0
      m_Anchor: 9
    m_Material: {fileID: 2100000, guid: 31321ba15b8f8eb4c954353edc038b1d, type: 2}
    m_SubmeshIndex: 0
    m_ManualUV: 0
    elementGroup: 0
    m_TextureGroup: -1
  - m_Indexes: 120000001300000014000000
    m_SmoothingGroup: 1
    m_Uv:
      m_UseWorldSpace: 0
      m_FlipU: 0
      m_FlipV: 0
      m_SwapUV: 0
      m_Fill: 1
      m_Scale: {x: 1, y: 1}
      m_Offset: {x: 0, y: 0}
      m_Rotation: 0
      m_Anchor: 9
    m_Material: {fileID: 2100000, guid: 31321ba15b8f8eb4c954353edc038b1d, type: 2}
    m_SubmeshIndex: 0
    m_ManualUV: 1
    elementGroup: 0
    m_TextureGroup: -1
  - m_Indexes: 170000001600000015000000
    m_SmoothingGroup: 0
    m_Uv:
      m_UseWorldSpace: 0
      m_FlipU: 0
      m_FlipV: 0
      m_SwapUV: 0
      m_Fill: 1
      m_Scale: {x: 1, y: 1}
      m_Offset: {x: 0, y: 0}
      m_Rotation: 0
      m_Anchor: 9
    m_Material: {fileID: 2100000, guid: 31321ba15b8f8eb4c954353edc038b1d, type: 2}
    m_SubmeshIndex: 0
    m_ManualUV: 0
    elementGroup: 0
    m_TextureGroup: -1
  - m_Indexes: 18000000190000001a000000
    m_SmoothingGroup: 1
    m_Uv:
      m_UseWorldSpace: 0
      m_FlipU: 0
      m_FlipV: 0
      m_SwapUV: 0
      m_Fill: 1
      m_Scale: {x: 1, y: 1}
      m_Offset: {x: 0, y: 0}
      m_Rotation: 0
      m_Anchor: 9
    m_Material: {fileID: 2100000, guid: 31321ba15b8f8eb4c954353edc038b1d, type: 2}
    m_SubmeshIndex: 0
    m_ManualUV: 1
    elementGroup: 0
    m_TextureGroup: -1
  - m_Indexes: 1d0000001c0000001b000000
    m_SmoothingGroup: 0
    m_Uv:
      m_UseWorldSpace: 0
      m_FlipU: 0
      m_FlipV: 0
      m_SwapUV: 0
      m_Fill: 1
      m_Scale: {x: 1, y: 1}
      m_Offset: {x: 0, y: 0}
      m_Rotation: 0
      m_Anchor: 9
    m_Material: {fileID: 2100000, guid: 31321ba15b8f8eb4c954353edc038b1d, type: 2}
    m_SubmeshIndex: 0
    m_ManualUV: 0
    elementGroup: 0
    m_TextureGroup: -1
  - m_Indexes: 1e0000001f00000020000000
    m_SmoothingGroup: 1
    m_Uv:
      m_UseWorldSpace: 0
      m_FlipU: 0
      m_FlipV: 0
      m_SwapUV: 0
      m_Fill: 1
      m_Scale: {x: 1, y: 1}
      m_Offset: {x: 0, y: 0}
      m_Rotation: 0
      m_Anchor: 9
    m_Material: {fileID: 2100000, guid: 31321ba15b8f8eb4c954353edc038b1d, type: 2}
    m_SubmeshIndex: 0
    m_ManualUV: 1
    elementGroup: 0
    m_TextureGroup: -1
  - m_Indexes: 230000002200000021000000
    m_SmoothingGroup: 0
    m_Uv:
      m_UseWorldSpace: 0
      m_FlipU: 0
      m_FlipV: 0
      m_SwapUV: 0
      m_Fill: 1
      m_Scale: {x: 1, y: 1}
      m_Offset: {x: 0, y: 0}
      m_Rotation: 0
      m_Anchor: 9
    m_Material: {fileID: 2100000, guid: 31321ba15b8f8eb4c954353edc038b1d, type: 2}
    m_SubmeshIndex: 0
    m_ManualUV: 0
    elementGroup: 0
    m_TextureGroup: -1
  m_SharedVertices:
  - m_Vertices: 00000000030000001f00000022000000
  - m_Vertices: 01000000040000000600000009000000
  - m_Vertices: 02000000080000000e000000140000001a00000020000000
  - m_Vertices: 050000000b00000011000000170000001d00000023000000
  - m_Vertices: 070000000a0000000c0000000f000000
  - m_Vertices: 0d000000100000001200000015000000
  - m_Vertices: 1300000016000000180000001b000000
  - m_Vertices: 190000001c0000001e00000021000000
  m_SharedTextures: []
  m_Positions:
  - {x: -0.15577547, y: -0.41335288, z: 0}
  - {x: -0.07788773, y: -0.41335288, z: 0.1538343}
  - {x: 0, y: 0.41335288, z: 0}
  - {x: -0.15577547, y: -0.41335288, z: 0}
  - {x: -0.07788773, y: -0.41335288, z: 0.1538343}
  - {x: 0, y: -0.41335288, z: 0}
  - {x: -0.07788773, y: -0.41335288, z: 0.1538343}
  - {x: 0.07788774, y: -0.41335288, z: 0.1538343}
  - {x: 0, y: 0.41335288, z: 0}
  - {x: -0.07788773, y: -0.41335288, z: 0.1538343}
  - {x: 0.07788774, y: -0.41335288, z: 0.1538343}
  - {x: 0, y: -0.41335288, z: 0}
  - {x: 0.07788774, y: -0.41335288, z: 0.1538343}
  - {x: 0.15577547, y: -0.41335288, z: -0.00000001552913}
  - {x: 0, y: 0.41335288, z: 0}
  - {x: 0.07788774, y: -0.41335288, z: 0.1538343}
  - {x: 0.15577547, y: -0.41335288, z: -0.00000001552913}
  - {x: 0, y: -0.41335288, z: 0}
  - {x: 0.15577547, y: -0.41335288, z: -0.00000001552913}
  - {x: 0.07788772, y: -0.41335288, z: -0.1538343}
  - {x: 0, y: 0.41335288, z: 0}
  - {x: 0.15577547, y: -0.41335288, z: -0.00000001552913}
  - {x: 0.07788772, y: -0.41335288, z: -0.1538343}
  - {x: 0, y: -0.41335288, z: 0}
  - {x: 0.07788772, y: -0.41335288, z: -0.1538343}
  - {x: -0.07788772, y: -0.41335288, z: -0.1538343}
  - {x: 0, y: 0.41335288, z: 0}
  - {x: 0.07788772, y: -0.41335288, z: -0.1538343}
  - {x: -0.07788772, y: -0.41335288, z: -0.1538343}
  - {x: 0, y: -0.41335288, z: 0}
  - {x: -0.07788772, y: -0.41335288, z: -0.1538343}
  - {x: -0.15577547, y: -0.41335288, z: 0}
  - {x: 0, y: 0.41335288, z: 0}
  - {x: -0.07788772, y: -0.41335288, z: -0.1538343}
  - {x: -0.15577547, y: -0.41335288, z: 0}
  - {x: 0, y: -0.41335288, z: 0}
  m_Textures0:
  - {x: 0.31155097, y: 0}
  - {x: 0, y: 0.000000029802322}
  - {x: 0.15577547, y: 0.86962086}
  - {x: 0.15577547, y: 0}
  - {x: 0.07788773, y: 0.1538343}
  - {x: 0, y: 0}
  - {x: 0.31155097, y: 0}
  - {x: 0, y: 0.000000029802322}
  - {x: 0.15577547, y: 0.86962086}
  - {x: 0.07788773, y: 0.1538343}
  - {x: -0.07788774, y: 0.1538343}
  - {x: 0, y: 0}
  - {x: 0.31155097, y: 0}
  - {x: 0, y: 0.000000029802322}
  - {x: 0.15577547, y: 0.86962086}
  - {x: -0.07788774, y: 0.1538343}
  - {x: -0.15577547, y: -0.00000001552913}
  - {x: 0, y: 0}
  - {x: 0.31155097, y: 0}
  - {x: 0, y: 0.000000029802322}
  - {x: 0.15577547, y: 0.86962086}
  - {x: -0.15577547, y: -0.00000001552913}
  - {x: -0.07788772, y: -0.1538343}
  - {x: 0, y: 0}
  - {x: 0.31155097, y: 0}
  - {x: 0, y: 0.000000029802322}
  - {x: 0.15577547, y: 0.86962086}
  - {x: -0.07788772, y: -0.1538343}
  - {x: 0.07788772, y: -0.1538343}
  - {x: 0, y: 0}
  - {x: 0.31155097, y: 0}
  - {x: 0, y: 0.000000029802322}
  - {x: 0.15577547, y: 0.86962086}
  - {x: 0.07788772, y: -0.1538343}
  - {x: 0.15577547, y: 0}
  - {x: 0, y: 0}
  m_Textures2: []
  m_Textures3: []
  m_Tangents:
  - {x: -0.017284533, y: -0.09172981, z: -0.99563384, w: -1}
  - {x: -0.8317054, y: 0.121245556, z: -0.54181695, w: -1}
  - {x: -0.45171112, y: -0.00000015503304, z: -0.8921643, w: -1}
  - {x: -1, y: 0, z: 0, w: -1}
  - {x: -1, y: 0, z: 0, w: -1}
  - {x: -1, y: 0, z: 0, w: -1}
  - {x: -0.8581358, y: -0.1217537, z: -0.49877733, w: -1}
  - {x: -0.8581359, y: 0.12175411, z: 0.4987772, w: -1}
  - {x: -1, y: 0, z: -0.000000033843392, w: -1}
  - {x: -1, y: 0, z: 0, w: -1}
  - {x: -1, y: 0, z: 0, w: -1}
  - {x: -1, y: 0, z: 0, w: -1}
  - {x: -0.8317055, y: -0.12124521, z: 0.5418169, w: -1}
  - {x: -0.017284533, y: 0.09173015, z: 0.99563384, w: -1}
  - {x: -0.45171103, y: 0.00000015503304, z: 0.8921643, w: -1}
  - {x: -1, y: 0, z: 0, w: -1}
  - {x: -1, y: 0, z: 0, w: -1}
  - {x: -1, y: 0, z: 0, w: -1}
  - {x: 0.0172846, y: -0.09172981, z: 0.99563384, w: -1}
  - {x: 0.8317055, y: 0.12124555, z: 0.54181695, w: -1}
  - {x: 0.45171118, y: 0.00000015503304, z: 0.8921643, w: -1}
  - {x: -1, y: 0, z: 0, w: -1}
  - {x: -1, y: 0, z: 0, w: -1}
  - {x: -1, y: 0, z: 0, w: -1}
  - {x: 0.8581358, y: -0.1217537, z: 0.49877733, w: -1}
  - {x: 0.85813594, y: 0.121754095, z: -0.49877715, w: -1}
  - {x: 1, y: 0, z: 0.00000003384346, w: -1}
  - {x: -1, y: 0, z: 0, w: -1}
  - {x: -1, y: 0, z: 0, w: -1}
  - {x: -1, y: 0, z: 0, w: -1}
  - {x: 0.83170545, y: -0.12124518, z: -0.54181695, w: -1}
  - {x: 0.0172846, y: 0.09173016, z: -0.99563384, w: -1}
  - {x: 0.45171112, y: -0.00000015503305, z: -0.89216423, w: -1}
  - {x: -1, y: 0, z: 0, w: -1}
  - {x: -1, y: 0, z: 0, w: -1}
  - {x: -1, y: 0, z: 0, w: -1}
  m_Colors: []
  m_UnwrapParameters:
    m_HardAngle: 88
    m_PackMargin: 30
    m_AngleError: 8
    m_AreaError: 15
  m_PreserveMeshAssetOnDestroy: 0
  assetGuid: 
  m_Mesh: {fileID: 0}
  m_VersionIndex: 1786
  m_IsSelectable: 1
  m_SelectedFaces: 
  m_SelectedEdges: []
  m_SelectedVertices: 
--- !u!114 &7187744899825952976
MonoBehaviour:
  m_ObjectHideFlags: 0
  m_CorrespondingSourceObject: {fileID: 0}
  m_PrefabInstance: {fileID: 0}
  m_PrefabAsset: {fileID: 0}
  m_GameObject: {fileID: 2039628851410568454}
  m_Enabled: 1
  m_EditorHideFlags: 0
  m_Script: {fileID: 11500000, guid: 1ca002da428252441b92f28d83c8a65f, type: 3}
  m_Name: 
  m_EditorClassIdentifier: 
  m_Shape:
    rid: 7063663053400178689
  m_Size: {x: -0.31155095, y: 0.82670575, z: 0.35526508}
  m_Rotation: {x: 0, y: 0, z: 0, w: 1}
  m_PivotLocation: 0
  m_PivotPosition: {x: 0, y: 0, z: 0}
  m_UnmodifiedMeshVersion: 1783
  m_ShapeBox:
    m_Center: {x: 0, y: 0, z: 0}
    m_Extent: {x: 0.31155095, y: 0.41335288, z: 0.31155095}
  references:
    version: 2
    RefIds:
    - rid: 7063663053400178689
      type: {class: Cone, ns: UnityEngine.ProBuilder.Shapes, asm: Unity.ProBuilder}
      data:
        m_NumberOfSides: 6
        m_Smooth: 1
--- !u!23 &8660722546275755548
MeshRenderer:
  m_ObjectHideFlags: 0
  m_CorrespondingSourceObject: {fileID: 0}
  m_PrefabInstance: {fileID: 0}
  m_PrefabAsset: {fileID: 0}
  m_GameObject: {fileID: 2039628851410568454}
  m_Enabled: 1
  m_CastShadows: 1
  m_ReceiveShadows: 1
  m_DynamicOccludee: 1
  m_StaticShadowCaster: 0
  m_MotionVectors: 1
  m_LightProbeUsage: 1
  m_ReflectionProbeUsage: 1
  m_RayTracingMode: 2
  m_RayTraceProcedural: 0
  m_RenderingLayerMask: 1
  m_RendererPriority: 0
  m_Materials:
  - {fileID: 2100000, guid: 1c4c9988abba72347a7bc5bb31328caf, type: 2}
  m_StaticBatchInfo:
    firstSubMesh: 0
    subMeshCount: 0
  m_StaticBatchRoot: {fileID: 0}
  m_ProbeAnchor: {fileID: 0}
  m_LightProbeVolumeOverride: {fileID: 0}
  m_ScaleInLightmap: 1
  m_ReceiveGI: 1
  m_PreserveUVs: 0
  m_IgnoreNormalsForChartDetection: 0
  m_ImportantGI: 0
  m_StitchLightmapSeams: 1
  m_SelectedEditorRenderState: 3
  m_MinimumChartSize: 4
  m_AutoUVMaxDistance: 0.5
  m_AutoUVMaxAngle: 89
  m_LightmapParameters: {fileID: 0}
  m_SortingLayerID: 0
  m_SortingLayer: 0
  m_SortingOrder: 0
  m_AdditionalVertexStreams: {fileID: 0}
--- !u!33 &7505037273773169823
MeshFilter:
  m_ObjectHideFlags: 0
  m_CorrespondingSourceObject: {fileID: 0}
  m_PrefabInstance: {fileID: 0}
  m_PrefabAsset: {fileID: 0}
  m_GameObject: {fileID: 2039628851410568454}
  m_Mesh: {fileID: 0}
--- !u!64 &7609770279576393129
MeshCollider:
  m_ObjectHideFlags: 0
  m_CorrespondingSourceObject: {fileID: 0}
  m_PrefabInstance: {fileID: 0}
  m_PrefabAsset: {fileID: 0}
  m_GameObject: {fileID: 2039628851410568454}
  m_Material: {fileID: 0}
  m_IsTrigger: 0
  m_Enabled: 1
  serializedVersion: 4
  m_Convex: 0
  m_CookingOptions: 30
  m_Mesh: {fileID: 0}
--- !u!1 &2775810455655106347
GameObject:
  m_ObjectHideFlags: 0
  m_CorrespondingSourceObject: {fileID: 0}
  m_PrefabInstance: {fileID: 0}
  m_PrefabAsset: {fileID: 0}
  serializedVersion: 6
  m_Component:
  - component: {fileID: 2147290481838451014}
  - component: {fileID: 8414875574979964780}
  - component: {fileID: 1969463301215157893}
  - component: {fileID: 6534927029127072887}
  - component: {fileID: 5826645205413287609}
  - component: {fileID: 6577387471447898213}
  m_Layer: 11
  m_Name: Cone (2)
  m_TagString: Obstacle
  m_Icon: {fileID: 0}
  m_NavMeshLayer: 0
  m_StaticEditorFlags: 0
  m_IsActive: 1
--- !u!4 &2147290481838451014
Transform:
  m_ObjectHideFlags: 0
  m_CorrespondingSourceObject: {fileID: 0}
  m_PrefabInstance: {fileID: 0}
  m_PrefabAsset: {fileID: 0}
  m_GameObject: {fileID: 2775810455655106347}
  m_LocalRotation: {x: -0.051482785, y: 0.8160565, z: -0.20330647, w: 0.53857934}
  m_LocalPosition: {x: 0.193, y: 0.54200006, z: -0.415}
  m_LocalScale: {x: 0.52405953, y: 0.8560206, z: 0.51985216}
  m_ConstrainProportionsScale: 0
  m_Children: []
  m_Father: {fileID: 9153073281802972675}
  m_RootOrder: 3
  m_LocalEulerAnglesHint: {x: 16.043, y: 110.54, z: -18.379}
--- !u!114 &8414875574979964780
MonoBehaviour:
  m_ObjectHideFlags: 0
  m_CorrespondingSourceObject: {fileID: 0}
  m_PrefabInstance: {fileID: 0}
  m_PrefabAsset: {fileID: 0}
  m_GameObject: {fileID: 2775810455655106347}
  m_Enabled: 1
  m_EditorHideFlags: 0
  m_Script: {fileID: 11500000, guid: 8233d90336aea43098adf6dbabd606a2, type: 3}
  m_Name: 
  m_EditorClassIdentifier: 
  m_MeshFormatVersion: 2
  m_Faces:
  - m_Indexes: 000000000100000002000000
    m_SmoothingGroup: 1
    m_Uv:
      m_UseWorldSpace: 0
      m_FlipU: 0
      m_FlipV: 0
      m_SwapUV: 0
      m_Fill: 1
      m_Scale: {x: 1, y: 1}
      m_Offset: {x: 0, y: 0}
      m_Rotation: 0
      m_Anchor: 6
    m_Material: {fileID: 2100000, guid: 31321ba15b8f8eb4c954353edc038b1d, type: 2}
    m_SubmeshIndex: 0
    m_ManualUV: 1
    elementGroup: 0
    m_TextureGroup: -1
  - m_Indexes: 050000000400000003000000
    m_SmoothingGroup: 0
    m_Uv:
      m_UseWorldSpace: 0
      m_FlipU: 0
      m_FlipV: 0
      m_SwapUV: 0
      m_Fill: 1
      m_Scale: {x: 1, y: 1}
      m_Offset: {x: 0, y: 0}
      m_Rotation: 0
      m_Anchor: 9
    m_Material: {fileID: 2100000, guid: 31321ba15b8f8eb4c954353edc038b1d, type: 2}
    m_SubmeshIndex: 0
    m_ManualUV: 0
    elementGroup: 0
    m_TextureGroup: -1
  - m_Indexes: 060000000700000008000000
    m_SmoothingGroup: 1
    m_Uv:
      m_UseWorldSpace: 0
      m_FlipU: 0
      m_FlipV: 0
      m_SwapUV: 0
      m_Fill: 1
      m_Scale: {x: 1, y: 1}
      m_Offset: {x: 0, y: 0}
      m_Rotation: 0
      m_Anchor: 9
    m_Material: {fileID: 2100000, guid: 31321ba15b8f8eb4c954353edc038b1d, type: 2}
    m_SubmeshIndex: 0
    m_ManualUV: 1
    elementGroup: 0
    m_TextureGroup: -1
  - m_Indexes: 0b0000000a00000009000000
    m_SmoothingGroup: 0
    m_Uv:
      m_UseWorldSpace: 0
      m_FlipU: 0
      m_FlipV: 0
      m_SwapUV: 0
      m_Fill: 1
      m_Scale: {x: 1, y: 1}
      m_Offset: {x: 0, y: 0}
      m_Rotation: 0
      m_Anchor: 9
    m_Material: {fileID: 2100000, guid: 31321ba15b8f8eb4c954353edc038b1d, type: 2}
    m_SubmeshIndex: 0
    m_ManualUV: 0
    elementGroup: 0
    m_TextureGroup: -1
  - m_Indexes: 0c0000000d0000000e000000
    m_SmoothingGroup: 1
    m_Uv:
      m_UseWorldSpace: 0
      m_FlipU: 0
      m_FlipV: 0
      m_SwapUV: 0
      m_Fill: 1
      m_Scale: {x: 1, y: 1}
      m_Offset: {x: 0, y: 0}
      m_Rotation: 0
      m_Anchor: 9
    m_Material: {fileID: 2100000, guid: 31321ba15b8f8eb4c954353edc038b1d, type: 2}
    m_SubmeshIndex: 0
    m_ManualUV: 1
    elementGroup: 0
    m_TextureGroup: -1
  - m_Indexes: 11000000100000000f000000
    m_SmoothingGroup: 0
    m_Uv:
      m_UseWorldSpace: 0
      m_FlipU: 0
      m_FlipV: 0
      m_SwapUV: 0
      m_Fill: 1
      m_Scale: {x: 1, y: 1}
      m_Offset: {x: 0, y: 0}
      m_Rotation: 0
      m_Anchor: 9
    m_Material: {fileID: 2100000, guid: 31321ba15b8f8eb4c954353edc038b1d, type: 2}
    m_SubmeshIndex: 0
    m_ManualUV: 0
    elementGroup: 0
    m_TextureGroup: -1
  - m_Indexes: 120000001300000014000000
    m_SmoothingGroup: 1
    m_Uv:
      m_UseWorldSpace: 0
      m_FlipU: 0
      m_FlipV: 0
      m_SwapUV: 0
      m_Fill: 1
      m_Scale: {x: 1, y: 1}
      m_Offset: {x: 0, y: 0}
      m_Rotation: 0
      m_Anchor: 9
    m_Material: {fileID: 2100000, guid: 31321ba15b8f8eb4c954353edc038b1d, type: 2}
    m_SubmeshIndex: 0
    m_ManualUV: 1
    elementGroup: 0
    m_TextureGroup: -1
  - m_Indexes: 170000001600000015000000
    m_SmoothingGroup: 0
    m_Uv:
      m_UseWorldSpace: 0
      m_FlipU: 0
      m_FlipV: 0
      m_SwapUV: 0
      m_Fill: 1
      m_Scale: {x: 1, y: 1}
      m_Offset: {x: 0, y: 0}
      m_Rotation: 0
      m_Anchor: 9
    m_Material: {fileID: 2100000, guid: 31321ba15b8f8eb4c954353edc038b1d, type: 2}
    m_SubmeshIndex: 0
    m_ManualUV: 0
    elementGroup: 0
    m_TextureGroup: -1
  - m_Indexes: 18000000190000001a000000
    m_SmoothingGroup: 1
    m_Uv:
      m_UseWorldSpace: 0
      m_FlipU: 0
      m_FlipV: 0
      m_SwapUV: 0
      m_Fill: 1
      m_Scale: {x: 1, y: 1}
      m_Offset: {x: 0, y: 0}
      m_Rotation: 0
      m_Anchor: 9
    m_Material: {fileID: 2100000, guid: 31321ba15b8f8eb4c954353edc038b1d, type: 2}
    m_SubmeshIndex: 0
    m_ManualUV: 1
    elementGroup: 0
    m_TextureGroup: -1
  - m_Indexes: 1d0000001c0000001b000000
    m_SmoothingGroup: 0
    m_Uv:
      m_UseWorldSpace: 0
      m_FlipU: 0
      m_FlipV: 0
      m_SwapUV: 0
      m_Fill: 1
      m_Scale: {x: 1, y: 1}
      m_Offset: {x: 0, y: 0}
      m_Rotation: 0
      m_Anchor: 9
    m_Material: {fileID: 2100000, guid: 31321ba15b8f8eb4c954353edc038b1d, type: 2}
    m_SubmeshIndex: 0
    m_ManualUV: 0
    elementGroup: 0
    m_TextureGroup: -1
  - m_Indexes: 1e0000001f00000020000000
    m_SmoothingGroup: 1
    m_Uv:
      m_UseWorldSpace: 0
      m_FlipU: 0
      m_FlipV: 0
      m_SwapUV: 0
      m_Fill: 1
      m_Scale: {x: 1, y: 1}
      m_Offset: {x: 0, y: 0}
      m_Rotation: 0
      m_Anchor: 9
    m_Material: {fileID: 2100000, guid: 31321ba15b8f8eb4c954353edc038b1d, type: 2}
    m_SubmeshIndex: 0
    m_ManualUV: 1
    elementGroup: 0
    m_TextureGroup: -1
  - m_Indexes: 230000002200000021000000
    m_SmoothingGroup: 0
    m_Uv:
      m_UseWorldSpace: 0
      m_FlipU: 0
      m_FlipV: 0
      m_SwapUV: 0
      m_Fill: 1
      m_Scale: {x: 1, y: 1}
      m_Offset: {x: 0, y: 0}
      m_Rotation: 0
      m_Anchor: 9
    m_Material: {fileID: 2100000, guid: 31321ba15b8f8eb4c954353edc038b1d, type: 2}
    m_SubmeshIndex: 0
    m_ManualUV: 0
    elementGroup: 0
    m_TextureGroup: -1
  m_SharedVertices:
  - m_Vertices: 00000000030000001f00000022000000
  - m_Vertices: 01000000040000000600000009000000
  - m_Vertices: 02000000080000000e000000140000001a00000020000000
  - m_Vertices: 050000000b00000011000000170000001d00000023000000
  - m_Vertices: 070000000a0000000c0000000f000000
  - m_Vertices: 0d000000100000001200000015000000
  - m_Vertices: 1300000016000000180000001b000000
  - m_Vertices: 190000001c0000001e00000021000000
  m_SharedTextures: []
  m_Positions:
  - {x: -0.15577547, y: -0.41335288, z: 0}
  - {x: -0.07788773, y: -0.41335288, z: 0.1538343}
  - {x: 0, y: 0.41335288, z: 0}
  - {x: -0.15577547, y: -0.41335288, z: 0}
  - {x: -0.07788773, y: -0.41335288, z: 0.1538343}
  - {x: 0, y: -0.41335288, z: 0}
  - {x: -0.07788773, y: -0.41335288, z: 0.1538343}
  - {x: 0.07788774, y: -0.41335288, z: 0.1538343}
  - {x: 0, y: 0.41335288, z: 0}
  - {x: -0.07788773, y: -0.41335288, z: 0.1538343}
  - {x: 0.07788774, y: -0.41335288, z: 0.1538343}
  - {x: 0, y: -0.41335288, z: 0}
  - {x: 0.07788774, y: -0.41335288, z: 0.1538343}
  - {x: 0.15577547, y: -0.41335288, z: -0.00000001552913}
  - {x: 0, y: 0.41335288, z: 0}
  - {x: 0.07788774, y: -0.41335288, z: 0.1538343}
  - {x: 0.15577547, y: -0.41335288, z: -0.00000001552913}
  - {x: 0, y: -0.41335288, z: 0}
  - {x: 0.15577547, y: -0.41335288, z: -0.00000001552913}
  - {x: 0.07788772, y: -0.41335288, z: -0.1538343}
  - {x: 0, y: 0.41335288, z: 0}
  - {x: 0.15577547, y: -0.41335288, z: -0.00000001552913}
  - {x: 0.07788772, y: -0.41335288, z: -0.1538343}
  - {x: 0, y: -0.41335288, z: 0}
  - {x: 0.07788772, y: -0.41335288, z: -0.1538343}
  - {x: -0.07788772, y: -0.41335288, z: -0.1538343}
  - {x: 0, y: 0.41335288, z: 0}
  - {x: 0.07788772, y: -0.41335288, z: -0.1538343}
  - {x: -0.07788772, y: -0.41335288, z: -0.1538343}
  - {x: 0, y: -0.41335288, z: 0}
  - {x: -0.07788772, y: -0.41335288, z: -0.1538343}
  - {x: -0.15577547, y: -0.41335288, z: 0}
  - {x: 0, y: 0.41335288, z: 0}
  - {x: -0.07788772, y: -0.41335288, z: -0.1538343}
  - {x: -0.15577547, y: -0.41335288, z: 0}
  - {x: 0, y: -0.41335288, z: 0}
  m_Textures0:
  - {x: 0.31155097, y: 0}
  - {x: 0, y: 0.000000029802322}
  - {x: 0.15577547, y: 0.86962086}
  - {x: 0.15577547, y: 0}
  - {x: 0.07788773, y: 0.1538343}
  - {x: 0, y: 0}
  - {x: 0.31155097, y: 0}
  - {x: 0, y: 0.000000029802322}
  - {x: 0.15577547, y: 0.86962086}
  - {x: 0.07788773, y: 0.1538343}
  - {x: -0.07788774, y: 0.1538343}
  - {x: 0, y: 0}
  - {x: 0.31155097, y: 0}
  - {x: 0, y: 0.000000029802322}
  - {x: 0.15577547, y: 0.86962086}
  - {x: -0.07788774, y: 0.1538343}
  - {x: -0.15577547, y: -0.00000001552913}
  - {x: 0, y: 0}
  - {x: 0.31155097, y: 0}
  - {x: 0, y: 0.000000029802322}
  - {x: 0.15577547, y: 0.86962086}
  - {x: -0.15577547, y: -0.00000001552913}
  - {x: -0.07788772, y: -0.1538343}
  - {x: 0, y: 0}
  - {x: 0.31155097, y: 0}
  - {x: 0, y: 0.000000029802322}
  - {x: 0.15577547, y: 0.86962086}
  - {x: -0.07788772, y: -0.1538343}
  - {x: 0.07788772, y: -0.1538343}
  - {x: 0, y: 0}
  - {x: 0.31155097, y: 0}
  - {x: 0, y: 0.000000029802322}
  - {x: 0.15577547, y: 0.86962086}
  - {x: 0.07788772, y: -0.1538343}
  - {x: 0.15577547, y: 0}
  - {x: 0, y: 0}
  m_Textures2: []
  m_Textures3: []
  m_Tangents:
  - {x: -0.017284533, y: -0.09172981, z: -0.99563384, w: -1}
  - {x: -0.8317054, y: 0.121245556, z: -0.54181695, w: -1}
  - {x: -0.45171112, y: -0.00000015503304, z: -0.8921643, w: -1}
  - {x: -1, y: 0, z: 0, w: -1}
  - {x: -1, y: 0, z: 0, w: -1}
  - {x: -1, y: 0, z: 0, w: -1}
  - {x: -0.8581358, y: -0.1217537, z: -0.49877733, w: -1}
  - {x: -0.8581359, y: 0.12175411, z: 0.4987772, w: -1}
  - {x: -1, y: 0, z: -0.000000033843392, w: -1}
  - {x: -1, y: 0, z: 0, w: -1}
  - {x: -1, y: 0, z: 0, w: -1}
  - {x: -1, y: 0, z: 0, w: -1}
  - {x: -0.8317055, y: -0.12124521, z: 0.5418169, w: -1}
  - {x: -0.017284533, y: 0.09173015, z: 0.99563384, w: -1}
  - {x: -0.45171103, y: 0.00000015503304, z: 0.8921643, w: -1}
  - {x: -1, y: 0, z: 0, w: -1}
  - {x: -1, y: 0, z: 0, w: -1}
  - {x: -1, y: 0, z: 0, w: -1}
  - {x: 0.0172846, y: -0.09172981, z: 0.99563384, w: -1}
  - {x: 0.8317055, y: 0.12124555, z: 0.54181695, w: -1}
  - {x: 0.45171118, y: 0.00000015503304, z: 0.8921643, w: -1}
  - {x: -1, y: 0, z: 0, w: -1}
  - {x: -1, y: 0, z: 0, w: -1}
  - {x: -1, y: 0, z: 0, w: -1}
  - {x: 0.8581358, y: -0.1217537, z: 0.49877733, w: -1}
  - {x: 0.85813594, y: 0.121754095, z: -0.49877715, w: -1}
  - {x: 1, y: 0, z: 0.00000003384346, w: -1}
  - {x: -1, y: 0, z: 0, w: -1}
  - {x: -1, y: 0, z: 0, w: -1}
  - {x: -1, y: 0, z: 0, w: -1}
  - {x: 0.83170545, y: -0.12124518, z: -0.54181695, w: -1}
  - {x: 0.0172846, y: 0.09173016, z: -0.99563384, w: -1}
  - {x: 0.45171112, y: -0.00000015503305, z: -0.89216423, w: -1}
  - {x: -1, y: 0, z: 0, w: -1}
  - {x: -1, y: 0, z: 0, w: -1}
  - {x: -1, y: 0, z: 0, w: -1}
  m_Colors: []
  m_UnwrapParameters:
    m_HardAngle: 88
    m_PackMargin: 30
    m_AngleError: 8
    m_AreaError: 15
  m_PreserveMeshAssetOnDestroy: 0
  assetGuid: 
  m_Mesh: {fileID: 0}
  m_VersionIndex: 1789
  m_IsSelectable: 1
  m_SelectedFaces: 
  m_SelectedEdges: []
  m_SelectedVertices: 
--- !u!114 &1969463301215157893
MonoBehaviour:
  m_ObjectHideFlags: 0
  m_CorrespondingSourceObject: {fileID: 0}
  m_PrefabInstance: {fileID: 0}
  m_PrefabAsset: {fileID: 0}
  m_GameObject: {fileID: 2775810455655106347}
  m_Enabled: 1
  m_EditorHideFlags: 0
  m_Script: {fileID: 11500000, guid: 1ca002da428252441b92f28d83c8a65f, type: 3}
  m_Name: 
  m_EditorClassIdentifier: 
  m_Shape:
    rid: 7063663053400178689
  m_Size: {x: -0.31155095, y: 0.82670575, z: 0.35526508}
  m_Rotation: {x: 0, y: 0, z: 0, w: 1}
  m_PivotLocation: 0
  m_PivotPosition: {x: 0, y: 0, z: 0}
  m_UnmodifiedMeshVersion: 1783
  m_ShapeBox:
    m_Center: {x: 0, y: 0, z: 0}
    m_Extent: {x: 0.31155095, y: 0.41335288, z: 0.31155095}
  references:
    version: 2
    RefIds:
    - rid: 7063663053400178689
      type: {class: Cone, ns: UnityEngine.ProBuilder.Shapes, asm: Unity.ProBuilder}
      data:
        m_NumberOfSides: 6
        m_Smooth: 1
--- !u!23 &6534927029127072887
MeshRenderer:
  m_ObjectHideFlags: 0
  m_CorrespondingSourceObject: {fileID: 0}
  m_PrefabInstance: {fileID: 0}
  m_PrefabAsset: {fileID: 0}
  m_GameObject: {fileID: 2775810455655106347}
  m_Enabled: 1
  m_CastShadows: 1
  m_ReceiveShadows: 1
  m_DynamicOccludee: 1
  m_StaticShadowCaster: 0
  m_MotionVectors: 1
  m_LightProbeUsage: 1
  m_ReflectionProbeUsage: 1
  m_RayTracingMode: 2
  m_RayTraceProcedural: 0
  m_RenderingLayerMask: 1
  m_RendererPriority: 0
  m_Materials:
  - {fileID: 2100000, guid: 1c4c9988abba72347a7bc5bb31328caf, type: 2}
  m_StaticBatchInfo:
    firstSubMesh: 0
    subMeshCount: 0
  m_StaticBatchRoot: {fileID: 0}
  m_ProbeAnchor: {fileID: 0}
  m_LightProbeVolumeOverride: {fileID: 0}
  m_ScaleInLightmap: 1
  m_ReceiveGI: 1
  m_PreserveUVs: 0
  m_IgnoreNormalsForChartDetection: 0
  m_ImportantGI: 0
  m_StitchLightmapSeams: 1
  m_SelectedEditorRenderState: 3
  m_MinimumChartSize: 4
  m_AutoUVMaxDistance: 0.5
  m_AutoUVMaxAngle: 89
  m_LightmapParameters: {fileID: 0}
  m_SortingLayerID: 0
  m_SortingLayer: 0
  m_SortingOrder: 0
  m_AdditionalVertexStreams: {fileID: 0}
--- !u!33 &5826645205413287609
MeshFilter:
  m_ObjectHideFlags: 0
  m_CorrespondingSourceObject: {fileID: 0}
  m_PrefabInstance: {fileID: 0}
  m_PrefabAsset: {fileID: 0}
  m_GameObject: {fileID: 2775810455655106347}
  m_Mesh: {fileID: 0}
--- !u!64 &6577387471447898213
MeshCollider:
  m_ObjectHideFlags: 0
  m_CorrespondingSourceObject: {fileID: 0}
  m_PrefabInstance: {fileID: 0}
  m_PrefabAsset: {fileID: 0}
  m_GameObject: {fileID: 2775810455655106347}
  m_Material: {fileID: 0}
  m_IsTrigger: 0
  m_Enabled: 1
  serializedVersion: 4
  m_Convex: 0
  m_CookingOptions: 30
  m_Mesh: {fileID: 0}
--- !u!1 &5908573336522202554
GameObject:
  m_ObjectHideFlags: 0
  m_CorrespondingSourceObject: {fileID: 0}
  m_PrefabInstance: {fileID: 0}
  m_PrefabAsset: {fileID: 0}
  serializedVersion: 6
  m_Component:
  - component: {fileID: 9153073281802972675}
  - component: {fileID: 3920475736661669203}
  - component: {fileID: 9003909219615111696}
  - component: {fileID: 8468481173043207692}
  - component: {fileID: 4912351394861238719}
  m_Layer: 11
  m_Name: Alien
  m_TagString: Obstacle
  m_Icon: {fileID: 0}
  m_NavMeshLayer: 0
  m_StaticEditorFlags: 0
  m_IsActive: 1
--- !u!4 &9153073281802972675
Transform:
  m_ObjectHideFlags: 0
  m_CorrespondingSourceObject: {fileID: 0}
  m_PrefabInstance: {fileID: 0}
  m_PrefabAsset: {fileID: 0}
  m_GameObject: {fileID: 5908573336522202554}
  m_LocalRotation: {x: -0, y: -0, z: 0.04114212, w: 0.9991533}
  m_LocalPosition: {x: -1.3400666, y: 2.632, z: 4.64}
  m_LocalScale: {x: 2, y: 1, z: 2}
  m_ConstrainProportionsScale: 0
  m_Children:
  - {fileID: 8973225162907263124}
  - {fileID: 8261892292364523464}
  - {fileID: 5306137004974005557}
  - {fileID: 2147290481838451014}
  - {fileID: 4687412890870665581}
  m_Father: {fileID: 0}
  m_RootOrder: 0
  m_LocalEulerAnglesHint: {x: 0, y: 0, z: 4.716}
--- !u!33 &3920475736661669203
MeshFilter:
  m_ObjectHideFlags: 0
  m_CorrespondingSourceObject: {fileID: 0}
  m_PrefabInstance: {fileID: 0}
  m_PrefabAsset: {fileID: 0}
  m_GameObject: {fileID: 5908573336522202554}
  m_Mesh: {fileID: 10207, guid: 0000000000000000e000000000000000, type: 0}
--- !u!23 &9003909219615111696
MeshRenderer:
  m_ObjectHideFlags: 0
  m_CorrespondingSourceObject: {fileID: 0}
  m_PrefabInstance: {fileID: 0}
  m_PrefabAsset: {fileID: 0}
  m_GameObject: {fileID: 5908573336522202554}
  m_Enabled: 1
  m_CastShadows: 1
  m_ReceiveShadows: 1
  m_DynamicOccludee: 1
  m_StaticShadowCaster: 0
  m_MotionVectors: 1
  m_LightProbeUsage: 1
  m_ReflectionProbeUsage: 1
  m_RayTracingMode: 2
  m_RayTraceProcedural: 0
  m_RenderingLayerMask: 1
  m_RendererPriority: 0
  m_Materials:
  - {fileID: 2100000, guid: f84d654c9e4655c4f8034dae5733ea31, type: 2}
  m_StaticBatchInfo:
    firstSubMesh: 0
    subMeshCount: 0
  m_StaticBatchRoot: {fileID: 0}
  m_ProbeAnchor: {fileID: 0}
  m_LightProbeVolumeOverride: {fileID: 0}
  m_ScaleInLightmap: 1
  m_ReceiveGI: 1
  m_PreserveUVs: 0
  m_IgnoreNormalsForChartDetection: 0
  m_ImportantGI: 0
  m_StitchLightmapSeams: 1
  m_SelectedEditorRenderState: 3
  m_MinimumChartSize: 4
  m_AutoUVMaxDistance: 0.5
  m_AutoUVMaxAngle: 89
  m_LightmapParameters: {fileID: 0}
  m_SortingLayerID: 0
  m_SortingLayer: 0
  m_SortingOrder: 0
  m_AdditionalVertexStreams: {fileID: 0}
--- !u!135 &8468481173043207692
SphereCollider:
  m_ObjectHideFlags: 0
  m_CorrespondingSourceObject: {fileID: 0}
  m_PrefabInstance: {fileID: 0}
  m_PrefabAsset: {fileID: 0}
  m_GameObject: {fileID: 5908573336522202554}
  m_Material: {fileID: 0}
  m_IsTrigger: 1
  m_Enabled: 1
  serializedVersion: 2
  m_Radius: 0.5
  m_Center: {x: 0, y: 0, z: 0}
--- !u!95 &4912351394861238719
Animator:
  serializedVersion: 4
  m_ObjectHideFlags: 0
  m_CorrespondingSourceObject: {fileID: 0}
  m_PrefabInstance: {fileID: 0}
  m_PrefabAsset: {fileID: 0}
  m_GameObject: {fileID: 5908573336522202554}
  m_Enabled: 1
  m_Avatar: {fileID: 0}
  m_Controller: {fileID: 9100000, guid: db8e133a3f5e0e14dbd3af0c47c59c69, type: 2}
  m_CullingMode: 0
  m_UpdateMode: 0
  m_ApplyRootMotion: 0
  m_LinearVelocityBlending: 0
  m_StabilizeFeet: 0
  m_WarningMessage: 
  m_HasTransformHierarchy: 1
  m_AllowConstantClipSamplingOptimization: 1
  m_KeepAnimatorControllerStateOnDisable: 0
--- !u!1 &7401690362406199167
GameObject:
  m_ObjectHideFlags: 0
  m_CorrespondingSourceObject: {fileID: 0}
  m_PrefabInstance: {fileID: 0}
  m_PrefabAsset: {fileID: 0}
  serializedVersion: 6
  m_Component:
  - component: {fileID: 8973225162907263124}
  - component: {fileID: 8250714795701082348}
  - component: {fileID: 4248804801064793406}
  - component: {fileID: 7415812274358038576}
  m_Layer: 11
  m_Name: Alien
  m_TagString: Obstacle
  m_Icon: {fileID: 0}
  m_NavMeshLayer: 0
  m_StaticEditorFlags: 0
  m_IsActive: 1
--- !u!4 &8973225162907263124
Transform:
  m_ObjectHideFlags: 0
  m_CorrespondingSourceObject: {fileID: 0}
  m_PrefabInstance: {fileID: 0}
  m_PrefabAsset: {fileID: 0}
  m_GameObject: {fileID: 7401690362406199167}
  m_LocalRotation: {x: -0, y: -0, z: -0, w: 1}
  m_LocalPosition: {x: 0, y: 0, z: 0}
  m_LocalScale: {x: 1.5, y: 0.1, z: 1.5}
  m_ConstrainProportionsScale: 0
  m_Children: []
  m_Father: {fileID: 9153073281802972675}
  m_RootOrder: 0
  m_LocalEulerAnglesHint: {x: 0, y: 0, z: 0}
--- !u!33 &8250714795701082348
MeshFilter:
  m_ObjectHideFlags: 0
  m_CorrespondingSourceObject: {fileID: 0}
  m_PrefabInstance: {fileID: 0}
  m_PrefabAsset: {fileID: 0}
  m_GameObject: {fileID: 7401690362406199167}
  m_Mesh: {fileID: 10207, guid: 0000000000000000e000000000000000, type: 0}
--- !u!23 &4248804801064793406
MeshRenderer:
  m_ObjectHideFlags: 0
  m_CorrespondingSourceObject: {fileID: 0}
  m_PrefabInstance: {fileID: 0}
  m_PrefabAsset: {fileID: 0}
  m_GameObject: {fileID: 7401690362406199167}
  m_Enabled: 1
  m_CastShadows: 1
  m_ReceiveShadows: 1
  m_DynamicOccludee: 1
  m_StaticShadowCaster: 0
  m_MotionVectors: 1
  m_LightProbeUsage: 1
  m_ReflectionProbeUsage: 1
  m_RayTracingMode: 2
  m_RayTraceProcedural: 0
  m_RenderingLayerMask: 1
  m_RendererPriority: 0
  m_Materials:
  - {fileID: 2100000, guid: 62e815dbcc01e3e439ba52c416c3ed58, type: 2}
  m_StaticBatchInfo:
    firstSubMesh: 0
    subMeshCount: 0
  m_StaticBatchRoot: {fileID: 0}
  m_ProbeAnchor: {fileID: 0}
  m_LightProbeVolumeOverride: {fileID: 0}
  m_ScaleInLightmap: 1
  m_ReceiveGI: 1
  m_PreserveUVs: 0
  m_IgnoreNormalsForChartDetection: 0
  m_ImportantGI: 0
  m_StitchLightmapSeams: 1
  m_SelectedEditorRenderState: 3
  m_MinimumChartSize: 4
  m_AutoUVMaxDistance: 0.5
  m_AutoUVMaxAngle: 89
  m_LightmapParameters: {fileID: 0}
  m_SortingLayerID: 0
  m_SortingLayer: 0
  m_SortingOrder: 0
  m_AdditionalVertexStreams: {fileID: 0}
--- !u!135 &7415812274358038576
SphereCollider:
  m_ObjectHideFlags: 0
  m_CorrespondingSourceObject: {fileID: 0}
  m_PrefabInstance: {fileID: 0}
  m_PrefabAsset: {fileID: 0}
  m_GameObject: {fileID: 7401690362406199167}
  m_Material: {fileID: 0}
  m_IsTrigger: 1
  m_Enabled: 1
  serializedVersion: 2
  m_Radius: 0.5
  m_Center: {x: 0, y: 0, z: 0}
--- !u!1001 &1387221518247087663
PrefabInstance:
  m_ObjectHideFlags: 0
  serializedVersion: 2
  m_Modification:
    m_TransformParent: {fileID: 9153073281802972675}
    m_Modifications:
    - target: {fileID: 3896285478743576719, guid: fec8aadea0389f84b9982329815a8c6d,
        type: 3}
      propertyPath: ShapeModule.angle
      value: 9.87
      objectReference: {fileID: 0}
    - target: {fileID: 3896285478743576719, guid: fec8aadea0389f84b9982329815a8c6d,
        type: 3}
      propertyPath: ShapeModule.radius.value
      value: 0.41
      objectReference: {fileID: 0}
    - target: {fileID: 3896285478743576719, guid: fec8aadea0389f84b9982329815a8c6d,
        type: 3}
      propertyPath: InitialModule.startLifetime.scalar
      value: 2
      objectReference: {fileID: 0}
    - target: {fileID: 5930519079714266946, guid: fec8aadea0389f84b9982329815a8c6d,
        type: 3}
      propertyPath: m_RootOrder
      value: 4
      objectReference: {fileID: 0}
    - target: {fileID: 5930519079714266946, guid: fec8aadea0389f84b9982329815a8c6d,
        type: 3}
      propertyPath: m_LocalScale.x
      value: 1
      objectReference: {fileID: 0}
    - target: {fileID: 5930519079714266946, guid: fec8aadea0389f84b9982329815a8c6d,
        type: 3}
      propertyPath: m_LocalScale.y
      value: 1
      objectReference: {fileID: 0}
    - target: {fileID: 5930519079714266946, guid: fec8aadea0389f84b9982329815a8c6d,
        type: 3}
      propertyPath: m_LocalScale.z
      value: 1
      objectReference: {fileID: 0}
    - target: {fileID: 5930519079714266946, guid: fec8aadea0389f84b9982329815a8c6d,
        type: 3}
      propertyPath: m_LocalPosition.x
      value: 0
      objectReference: {fileID: 0}
    - target: {fileID: 5930519079714266946, guid: fec8aadea0389f84b9982329815a8c6d,
        type: 3}
      propertyPath: m_LocalPosition.y
      value: 0
      objectReference: {fileID: 0}
    - target: {fileID: 5930519079714266946, guid: fec8aadea0389f84b9982329815a8c6d,
        type: 3}
      propertyPath: m_LocalPosition.z
      value: 0
      objectReference: {fileID: 0}
    - target: {fileID: 5930519079714266946, guid: fec8aadea0389f84b9982329815a8c6d,
        type: 3}
      propertyPath: m_LocalRotation.w
      value: 0.7066687
      objectReference: {fileID: 0}
    - target: {fileID: 5930519079714266946, guid: fec8aadea0389f84b9982329815a8c6d,
        type: 3}
      propertyPath: m_LocalRotation.x
      value: 0.7066687
      objectReference: {fileID: 0}
    - target: {fileID: 5930519079714266946, guid: fec8aadea0389f84b9982329815a8c6d,
        type: 3}
      propertyPath: m_LocalRotation.y
      value: -0.024887346
      objectReference: {fileID: 0}
    - target: {fileID: 5930519079714266946, guid: fec8aadea0389f84b9982329815a8c6d,
        type: 3}
      propertyPath: m_LocalRotation.z
      value: 0.024887346
      objectReference: {fileID: 0}
    - target: {fileID: 5930519079714266946, guid: fec8aadea0389f84b9982329815a8c6d,
        type: 3}
      propertyPath: m_LocalEulerAnglesHint.x
      value: 90
      objectReference: {fileID: 0}
    - target: {fileID: 5930519079714266946, guid: fec8aadea0389f84b9982329815a8c6d,
        type: 3}
      propertyPath: m_LocalEulerAnglesHint.y
      value: -15.567
      objectReference: {fileID: 0}
    - target: {fileID: 5930519079714266946, guid: fec8aadea0389f84b9982329815a8c6d,
        type: 3}
      propertyPath: m_LocalEulerAnglesHint.z
      value: -11.533
      objectReference: {fileID: 0}
    - target: {fileID: 7452171422329710535, guid: fec8aadea0389f84b9982329815a8c6d,
        type: 3}
      propertyPath: m_Name
      value: AlienParticle
      objectReference: {fileID: 0}
    m_RemovedComponents: []
  m_SourcePrefab: {fileID: 100100000, guid: fec8aadea0389f84b9982329815a8c6d, type: 3}
--- !u!4 &4687412890870665581 stripped
Transform:
  m_CorrespondingSourceObject: {fileID: 5930519079714266946, guid: fec8aadea0389f84b9982329815a8c6d,
    type: 3}
  m_PrefabInstance: {fileID: 1387221518247087663}
  m_PrefabAsset: {fileID: 0}
